Account Name       :                	Mr. AMIT BACHUBHAI MEHTA
Address            :	SHOP NO. M / 438 , PRIME ARCADE
                                    	NEAR SAHAJ SUPER STORE, ANAND MAHAL ROAD
                                    	ADAJAN , SURAT.-395009
                                    	Surat
Date               :                	4 Aug 2022
Account Number     :	_00000033857111699
Account Description:	CA-GEN-PUB-IND-RURAL-INR
Branch             :	ADAJAN
Drawing Power      :	0.00
Interest Rate(% p.a.):	15.65
MOD Balance      :	0.00
CIF No.          :	_85016743403
IFS (Indian Financial System) Code         :	SBIN0005098
MICR (Magnetic Ink Character Recognition)  Code        :	_395002027
Nomination Registered    :	Yes 
Balance on 1 Jul 2022        :	79,389.88
Start Date          :	1 Jul 2022
End Date            :	31 Jul 2022
Txn Date	Value Date	Description	Ref No./Cheque No.	        Debit	Credit	Balance	
5 Jul 2022	5 Jul 2022	   BY TRANSFER-NEFT*PMEC0000001*PMEC220705001421*K P ENTERPRISE*/--	TRANSFER FROM 3199968044304	 	6,000.00	85,389.88
5 Jul 2022	5 Jul 2022	   BY TRANSFER-NEFT*PMEC0000001*PMEC220705001555*K P AGENCY*//URG--	TRANSFER FROM 3199678044303	 	10,834.00	96,223.88
6 Jul 2022	6 Jul 2022	   TO TRANSFER-INB OLTAS (Income Tax) - For--	001328304163             IK0BTPXIB9               	10,834.00	 	85,389.88
6 Jul 2022	6 Jul 2022	   TO TRANSFER-INB OLTAS (Income Tax) - For--	001443108051             IK0BTPXPC4               	6,000.00	 	79,389.88
7 Jul 2022	7 Jul 2022	   BY TRANSFER-INB IMPS218818339543/9898907617/XX4567/TDS--	MAC001029651502          MAC001029651502          	 	5,500.00	84,889.88
7 Jul 2022	7 Jul 2022	   TO TRANSFER-INB OLTAS (Income Tax) - For--	001443129822             IK0BTRICU5               	5,500.00	 	79,389.88
12 Jul 2022	12 Jul 2022	   BY TRANSFER-UPI/CR/219375664206/FIRST TA/MAHB/paraggandh/Payme--	TRANSFER FROM 5098882162094	 	5,128.00	84,517.88
13 Jul 2022	13 Jul 2022	   BY TRANSFER-NEFT*SPCB0251001*SPCBN22194010268*REGENCY*/ATTN/GS--	TRANSFER FROM 3199967044305	 	22,230.00	1,06,747.88
14 Jul 2022	14 Jul 2022	BY CLEARING / CHEQUE-BOB   395012102-000007 395002027--7	7	 	5,560.00	1,12,307.88
14 Jul 2022	14 Jul 2022	   TO TRANSFER-INB OLTAS (Income Tax) - For--	000432987071             IK0BTYMFG0               	5,560.00	 	1,06,747.88
15 Jul 2022	15 Jul 2022	   TO TRANSFER-INB Goods and Services Tax (G--	22072400127574IK0BTZYIM9               TRANSFER TO	22,230.00	 	84,517.88
15 Jul 2022	15 Jul 2022	   TO TRANSFER-INB Goods and Services Tax (G--	22072400141383IK0BTZZFV1               TRANSFER TO	5,128.00	 	79,389.88
16 Jul 2022	16 Jul 2022	   BY TRANSFER-NEFT*ICIC0SF0002*446031455*JITENDRA H PRAJAPATI*Ta--	TRANSFER FROM 3199958044305	 	5,090.00	84,479.88
16 Jul 2022	16 Jul 2022	   CASH DEPOSIT-CASH DEPOSIT SELF--		 	46,500.00	1,30,979.88
16 Jul 2022	16 Jul 2022	CASH HANDLING CHARGES---38976288	38976288	59.00	 	1,30,920.88
16 Jul 2022	16 Jul 2022	   BY TRANSFER-UPI/CR/219791946826/DHARMEND/BARB/9374726237/Payme--	TRANSFER FROM 5099207162098	 	11,180.00	1,42,100.88
16 Jul 2022	16 Jul 2022	   TO TRANSFER-INB OLTAS (Income Tax) - For--	000432969350             IK0BUBAZZ6               	11,180.00	 	1,30,920.88
17 Jul 2022	17 Jul 2022	   BY TRANSFER-UPI/CR/219878375622/PRAKASH /PUNB/8401005698/Payme--	TRANSFER FROM 5099307162095	 	9,030.00	1,39,950.88
17 Jul 2022	17 Jul 2022	   TO TRANSFER-INB Goods and Services Tax (G--	22072400151589IK0BUBUXH5               TRANSFER TO	9,030.00	 	1,30,920.88
19 Jul 2022	19 Jul 2022	   TO TRANSFER-INB OLTAS (Income Tax) - For--	000432914937             IK0BUEPDY0               	3,210.00	 	1,27,710.88
19 Jul 2022	19 Jul 2022	   BY TRANSFER-INB IMPS220017817533/9724300968/XX5220/Bill Payme--	MAB001069902007          MAB001069902007          	 	20,030.00	1,47,740.88
19 Jul 2022	19 Jul 2022	   TO TRANSFER-INB OLTAS (Income Tax) - For--	001134909151             IK0BUFNDT5               	20,030.00	 	1,27,710.88
19 Jul 2022	19 Jul 2022	   BY TRANSFER-NEFT*COSB0000010*000021630951*S K ENTERPRISE*/URGE--	TRANSFER FROM 3199964044308	 	23,240.00	1,50,950.88
20 Jul 2022	20 Jul 2022	BY CLEARING / CHEQUE-BOB   395012017-000246 395002027--246	246	 	9,670.00	1,60,620.88
20 Jul 2022	20 Jul 2022	   TO TRANSFER-INB OLTAS (Income Tax) - For--	001328341786             IK0BUGNNR1               	5,090.00	 	1,55,530.88
20 Jul 2022	20 Jul 2022	   TO TRANSFER-INB Goods and Services Tax (G--	22072400374494IK0BUGRZX3               TRANSFER TO	23,240.00	 	1,32,290.88
20 Jul 2022	20 Jul 2022	   CASH DEPOSIT-CASH DEPOSIT SELF--		 	3,200.00	1,35,490.88
20 Jul 2022	20 Jul 2022	CHEQUE DEPOSIT---19469	TRANSFER TO 10272759495                            / 19469	 	41,700.00	1,77,190.88
20 Jul 2022	20 Jul 2022	   TO TRANSFER-INB OLTAS (Income Tax) - For--	001443117514             IK0BUHKII5               	41,210.00	 	1,35,980.88
20 Jul 2022	20 Jul 2022	   BY TRANSFER-UPI/CR/220117691610/RETIWALA/SBIN/hemantreti/UPI--	TRANSFER FROM 4693257162097	 	19,964.00	1,55,944.88
20 Jul 2022	20 Jul 2022	   BY TRANSFER-INB IMPS220117862834/9724300968/XX5220/Bill Payme--	MAA001084030310          MAA001084030310          	 	1,000.00	1,56,944.88
20 Jul 2022	20 Jul 2022	   TO TRANSFER-INB Goods and Services Tax (G--	22072400439731IK0BUHWDE3               TRANSFER TO	19,964.00	 	1,36,980.88
22 Jul 2022	22 Jul 2022	BY CLEARING / CHEQUE-ICI   395229004-250337 395002027--250337	250337	 	4,440.00	1,41,420.88
22 Jul 2022	22 Jul 2022	   TO TRANSFER-INB OLTAS (Income Tax) - For--	001328397397             IK0BUKHZT6               	41,700.00	 	99,720.88
22 Jul 2022	22 Jul 2022	   BY TRANSFER-INB IMPS220312376931/9879665422/XX1819/taxpayment--	MAC001045448818          MAC001045448818          	 	13,590.00	1,13,310.88
22 Jul 2022	22 Jul 2022	   TO TRANSFER-INB OLTAS (Income Tax) - For--	001134921005             IK0BUKNJE4               	9,670.00	 	1,03,640.88
22 Jul 2022	22 Jul 2022	   TO TRANSFER-INB OLTAS (Income Tax) - For--	001328335928             IK0BUKQUB1               	4,440.00	 	99,200.88
23 Jul 2022	23 Jul 2022	   BY TRANSFER-INB IMPS220416161452/9898002227/XX6105/KINNARI ME--	MAB001074038261          MAB001074038261          	 	2,470.00	1,01,670.88
23 Jul 2022	23 Jul 2022	   TO TRANSFER-INB OLTAS (Income Tax) - For--	001443123800             IK0BUMQQH4               	2,470.00	 	99,200.88
25 Jul 2022	25 Jul 2022	   BY TRANSFER-INB IMPS220612237352/9426146440/XX7010/--	MAB001075784815          MAB001075784815          	 	1,84,170.00	2,83,370.88
25 Jul 2022	25 Jul 2022	   TO TRANSFER-INB OLTAS (Income Tax) - For--	001134965073             IK0BUOFMB0               	13,590.00	 	2,69,780.88
25 Jul 2022	25 Jul 2022	CHEQUE DEPOSIT- TRF--600516	TRANSFER TO 10338089856                            / 600516	 	22,990.00	2,92,770.88
25 Jul 2022	25 Jul 2022	   BY TRANSFER-UPI/CR/220602223210/SHRIVIPU/ICIC/vipul5767./vipul--	TRANSFER FROM 4693086162090	 	2,500.00	2,95,270.88
26 Jul 2022	26 Jul 2022	   TO TRANSFER-INB OLTAS (Income Tax) - For  ---	001443192473             IK0BUPHUE2               	1,84,170.00	 	1,11,100.88
26 Jul 2022	26 Jul 2022	BY CLEARING / CHEQUE-BOB   395012102-000004 395002027--4	4	 	10,000.00	1,21,100.88
26 Jul 2022	26 Jul 2022	BY CLEARING / CHEQUE-IOB   395020002-458432 395002027--458432	458432	 	12,170.00	1,33,270.88
26 Jul 2022	26 Jul 2022	BY CLEARING / CHEQUE-AXS   395211031-046443 395002027--46443	46443	 	41,840.00	1,75,110.88
26 Jul 2022	26 Jul 2022	BY CLEARING / CHEQUE-BOM   395014002-281396 395002027--281396	281396	 	17,390.00	1,92,500.88
26 Jul 2022	26 Jul 2022	BY CLEARING / CHEQUE-PNB   395024009-021923 395002027--21923	21923	 	29,660.00	2,22,160.88
26 Jul 2022	26 Jul 2022	BY CLEARING / CHEQUE-BOB   395012021-000343 395002027--343	343	 	61,680.00	2,83,840.88
26 Jul 2022	26 Jul 2022	BY CLEARING / CHEQUE-AXS   395211031-060716 395002027--60716	60716	 	41,770.00	3,25,610.88
26 Jul 2022	26 Jul 2022	BY CLEARING / CHEQUE-AXS   395211031-069274 395002027--69274	69274	 	59,870.00	3,85,480.88
26 Jul 2022	26 Jul 2022	   BY TRANSFER-INB IMPS220723334971/9879509324/XX6357/KIRTIHAATH--	MAB001077520773          MAB001077520773          	 	14,350.00	3,99,830.88
27 Jul 2022	27 Jul 2022	   TO TRANSFER-INB OLTAS (Income Tax) - For--	001134964843             IK0BUROAX5               	22,990.00	 	3,76,840.88
27 Jul 2022	27 Jul 2022	   TO TRANSFER-INB OLTAS (Income Tax) - For--	001443172365             IK0BURPKT9               	61,680.00	 	3,15,160.88
27 Jul 2022	27 Jul 2022	BY CLEARING / CHEQUE-STT   395248006-000049 395002027--49	49	 	55,580.00	3,70,740.88
27 Jul 2022	27 Jul 2022	   TO TRANSFER-INB OLTAS (Income Tax) - For--	001328394362             IK0BURSXC1               	17,390.00	 	3,53,350.88
27 Jul 2022	27 Jul 2022	   BY TRANSFER-NEFT*SUNB0000002*SUNB000001318423*SONAL  RASHMIKAN--	TRANSFER FROM 3199680044308	 	1,00,000.00	4,53,350.88
27 Jul 2022	27 Jul 2022	   TO TRANSFER-INB OLTAS (Income Tax) - For--	001443112924             IK0BURVTT8               	29,660.00	 	4,23,690.88
27 Jul 2022	27 Jul 2022	   TO TRANSFER-INB OLTAS (Income Tax) - For--	001328316060             IK0BURWFY0               	41,840.00	 	3,81,850.88
27 Jul 2022	27 Jul 2022	   TO TRANSFER-INB OLTAS (Income Tax) - For--	000432918388             IK0BURWPR4               	59,870.00	 	3,21,980.88
27 Jul 2022	27 Jul 2022	   TO TRANSFER-INB OLTAS (Income Tax) - For--	001443121821             IK0BURWYN9               	41,770.00	 	2,80,210.88
27 Jul 2022	27 Jul 2022	   TO TRANSFER-INB OLTAS (Income Tax) - For--	001134937446             IK0BURYYV1               	80.00	 	2,80,130.88
27 Jul 2022	27 Jul 2022	   BY TRANSFER-UPI/CR/220875859286/HARDIK P/SBIN/hardikk229/UPI--	TRANSFER FROM 4693269162094	 	1,500.00	2,81,630.88
27 Jul 2022	27 Jul 2022	   TO TRANSFER-INB OLTAS (Income Tax) - For--	001328386562             IK0BUSGMV4               	110.00	 	2,81,520.88
27 Jul 2022	27 Jul 2022	   FI Txn @ CSP outlet-000755343531339029 MoneyTRF TXN @KO 1A774J80--	TRANSFER FROM 33424295090                         	 	11,150.00	2,92,670.88
27 Jul 2022	27 Jul 2022	   TO TRANSFER-INB OLTAS (Income Tax) - For--	001134967009             IK0BUSQWF8               	55,580.00	 	2,37,090.88
27 Jul 2022	27 Jul 2022	   BY TRANSFER-INB IMPS220817038169/9900282200/XX7789/NA--	MAB001078266772          MAB001078266772          	 	4,180.00	2,41,270.88
27 Jul 2022	27 Jul 2022	   BY TRANSFER-SBILT27072022180208227309-For tex paymen--	TRANSFER FROM 30819477209                         	 	7,680.00	2,48,950.88
27 Jul 2022	27 Jul 2022	   TO TRANSFER-INB OLTAS (Income Tax) - For--	001134953146             IK0BUTAAJ9               	1,11,130.00	 	1,37,820.88
27 Jul 2022	27 Jul 2022	   TO TRANSFER-INB OLTAS (Income Tax) - For--	001328378000             IK0BUTCBY0               	7,680.00	 	1,30,140.88
28 Jul 2022	28 Jul 2022	   BY TRANSFER-UPI/CR/220907466963/UMESHKUM/BARB/9998949901/NO RE--	TRANSFER FROM 4693374162094	 	11,970.00	1,42,110.88
28 Jul 2022	28 Jul 2022	BY CLEARING / CHEQUE-BOB   395012021-000066 395002027--66	66	 	38,080.00	1,80,190.88
28 Jul 2022	28 Jul 2022	BY CLEARING / CHEQUE-BOB   395012057-000036 395002027--36	36	 	36,200.00	2,16,390.88
28 Jul 2022	28 Jul 2022	   TO TRANSFER-INB OLTAS (Income Tax) - For--	000432946280             IK0BUTUAO4               	4,180.00	 	2,12,210.88
28 Jul 2022	28 Jul 2022	   TO TRANSFER-INB OLTAS (Income Tax) - For--	001134959557             IK0BUTVSK4               	11,970.00	 	2,00,240.88
28 Jul 2022	28 Jul 2022	   TO TRANSFER-INB OLTAS (Income Tax) - For--	001443167228             IK0BUTWRX5               	12,170.00	 	1,88,070.88
28 Jul 2022	28 Jul 2022	   TO TRANSFER-INB OLTAS (Income Tax) - For--	001443168240             IK0BUUITJ4               	38,080.00	 	1,49,990.88
28 Jul 2022	28 Jul 2022	   TO TRANSFER-INB OLTAS (Income Tax) - For--	000432997648             IK0BUUMCT3               	36,200.00	 	1,13,790.88
28 Jul 2022	28 Jul 2022	   BY TRANSFER-INB Fill balance Incom Tax--	IHQ6573392               TRANSFER FROM 20010697486	 	13,600.00	1,27,390.88
28 Jul 2022	28 Jul 2022	   TO TRANSFER-INB OLTAS (Income Tax) - For--	000432940949             IK0BUURAN1               	280.00	 	1,27,110.88
28 Jul 2022	28 Jul 2022	   TO TRANSFER-INB Goods and Services Tax (G--	22072400555156IK0BUUWZH1               TRANSFER TO	4,300.00	 	1,22,810.88
28 Jul 2022	28 Jul 2022	   TO TRANSFER-INB OLTAS (Income Tax) - For--	001328333939             IK0BUUZGN2               	25,850.00	 	96,960.88
29 Jul 2022	29 Jul 2022	BY CLEARING / CHEQUE-CBI   395016004-876022 395002027--876022	876022	 	4,300.00	1,01,260.88
29 Jul 2022	29 Jul 2022	   BY TRANSFER-INB IMPS221011724380/9998971339/XX1039/income tax--	MAB001080058125          MAB001080058125          	 	1.00	1,01,261.88
29 Jul 2022	29 Jul 2022	   BY TRANSFER-INB IMPS221011772521/9998971339/XX1039/income tax--	MAA001093050348          MAA001093050348          	 	1,08,470.00	2,09,731.88
29 Jul 2022	29 Jul 2022	   TO TRANSFER-INB OLTAS (Income Tax) - For--	001443128813             IK0BUWQQO6               	13,650.00	 	1,96,081.88
29 Jul 2022	29 Jul 2022	   BY TRANSFER-INB IMPS/P2A/UA0486528198/XXXXXXX699SBIN--	UA0486528198MOAGMNGBG9               TRANSFER FROM	 	6,490.00	2,02,571.88
29 Jul 2022	29 Jul 2022	   TO TRANSFER-INB OLTAS (Income Tax) - For--	001443135982             IK0BUWRJO1               	1,08,470.00	 	94,101.88
30 Jul 2022	30 Jul 2022	   TO TRANSFER-INB OLTAS (Income Tax) - For--	001328390510             IK0BUXLOS1               	3,410.00	 	90,691.88
30 Jul 2022	30 Jul 2022	   TO TRANSFER-INB OLTAS (Income Tax) - For--	001328398442             IK0BUXMKA8               	3,080.00	 	87,611.88
30 Jul 2022	30 Jul 2022	   BY TRANSFER-NEFT*HDFC0000001*N211222056915478*PRACHI CHANDRAKA--	TRANSFER FROM 3199418044301	 	34,090.00	1,21,701.88
30 Jul 2022	30 Jul 2022	   TO TRANSFER-INB OLTAS (Income Tax) - For--	001134945845             IK0BUXQMF6               	34,090.00	 	87,611.88
30 Jul 2022	30 Jul 2022	   BY TRANSFER-NEFT*HDFC0000001*N211222057219876*CANOPUS CORPORAT--	TRANSFER FROM 3199968044304	 	890.00	88,501.88
30 Jul 2022	30 Jul 2022	   BY TRANSFER-INB IMPS221115972196/9725008678/XX1976/Tax ca--	MAC001054223072          MAC001054223072          	 	51,450.00	1,39,951.88
30 Jul 2022	30 Jul 2022	   BY TRANSFER-INB IMPS221116992869/6896498500/XX0884/pratima IT--	MAB001081490787          MAB001081490787          	 	11,380.00	1,51,331.88
30 Jul 2022	30 Jul 2022	   TO TRANSFER-INB OLTAS (Income Tax) - For--	000432913912             IK0BUYOIQ6               	890.00	 	1,50,441.88
30 Jul 2022	30 Jul 2022	   TO TRANSFER-INB OLTAS (Income Tax) - For--	001134938160             IK0BUYQGO8               	51,450.00	 	98,991.88
30 Jul 2022	30 Jul 2022	   TO TRANSFER-INB OLTAS (Income Tax) - For--	000432946120             IK0BUYQWC9               	11,380.00	 	87,611.88
30 Jul 2022	30 Jul 2022	   BY TRANSFER-UPI/CR/221171290089/ANANT R /HDFC/9825098349/NA--	TRANSFER FROM 5098678162098	 	6,340.00	93,951.88
31 Jul 2022	31 Jul 2022	   TO TRANSFER-INB OLTAS (Income Tax) - For--	001134995591             IK0BUZGUZ3               	6,340.00	 	87,611.88
31 Jul 2022	31 Jul 2022	   TO TRANSFER-INB OLTAS (Income Tax) - For--	000432901220             IK0BUZHFB9               	5,640.00	 	81,971.88
31 Jul 2022	31 Jul 2022	   TO TRANSFER-INB OLTAS (Income Tax) - For--	001443103583             IK0BUZHKP8               	5,500.00	 	76,471.88
31 Jul 2022	31 Jul 2022	   TO TRANSFER-INB OLTAS (Income Tax) - For--	000432908152             IK0BUZHRG8               	13,980.00	 	62,491.88
31 Jul 2022	31 Jul 2022	   TO TRANSFER-INB Goods and Services Tax (G--	22072400581442IK0BUZMWH5               TRANSFER TO	4,318.00	 	58,173.88
31 Jul 2022	31 Jul 2022	   TO TRANSFER-INB Goods and Services Tax (G--	22072400581363IK0BUZMXN7               TRANSFER TO	5,050.00	 	53,123.88
31 Jul 2022	31 Jul 2022	   BY TRANSFER-INB IMPS221212926896/0000000000/XX0215/Prakash Ka--	MAA001095311256          MAA001095311256          	 	8,442.00	61,565.88
31 Jul 2022	31 Jul 2022	   TO TRANSFER-INB OLTAS (Income Tax) - For--	001134915264             IK0BUZOYV3               	5,480.00	 	56,085.88
31 Jul 2022	31 Jul 2022	   BY TRANSFER-SBILT31072022124115008209-Income tax pay--	TRANSFER FROM 30665430682                         	 	2,03,650.00	2,59,735.88
31 Jul 2022	31 Jul 2022	   TO TRANSFER-INB OLTAS (Income Tax) - For--	001328343027             IK0BUZQRE3               	2,03,650.00	 	56,085.88
31 Jul 2022	31 Jul 2022	   TO TRANSFER-INB Goods and Services Tax (G--	22072400581372IK0BUZRAP1               TRANSFER TO	8,442.00	 	47,643.88
31 Jul 2022	31 Jul 2022	   BY TRANSFER-INB IMPS221213454933/8128988907/XX1628/RKG--	MAC001055146724          MAC001055146724          	 	13,500.00	61,143.88
31 Jul 2022	31 Jul 2022	   TO TRANSFER-INB OLTAS (Income Tax) - For--	001443115646             IK0BUZVCY2               	13,500.00	 	47,643.88
31 Jul 2022	31 Jul 2022	   TO TRANSFER-INB OLTAS (Income Tax) - For--	001443191838             IK0BUZZSF9               	9,790.00	 	37,853.88
31 Jul 2022	31 Jul 2022	   TO TRANSFER-INB OLTAS (Income Tax) - For--	001134906086             IK0BVAAPQ3               	8,580.00	 	29,273.88

**This is a computer generated statement and does not require a signature
